@inproceedings{iwata2013discovering,
  title={Discovering latent influence in online social activities via shared cascade poisson processes},
  author={Iwata, Tomoharu and Shah, Amar and Ghahramani, Zoubin},
  booktitle={Proceedings of the 19th ACM SIGKDD international conference on Knowledge discovery and data mining},
  pages={266--274},
  year={2013},
  organization={ACM}
}
@inproceedings{zhou2013learning,
  title={Learning social infectivity in sparse low-rank networks using multi-dimensional Hawkes processes},
  author={Zhou, Ke and Zha, Hongyuan and Song, Le},
  booktitle={Proceedings of the Sixteenth International Conference on Artificial Intelligence and Statistics},
  pages={641--649},
  year={2013}
}


@inproceedings{tang2013confluence,
  title={Confluence: Conformity influence in large social networks},
  author={Tang, Jie and Wu, Sen and Sun, Jimeng},
  booktitle={Proceedings of the 19th ACM SIGKDD international conference on Knowledge discovery and data mining},
  pages={347--355},
  year={2013},
  organization={ACM}
}


@inproceedings{tang2009social,
  title={Social influence analysis in large-scale networks},
  author={Tang, Jie and Sun, Jimeng and Wang, Chi and Yang, Zi},
  booktitle={Proceedings of the 15th ACM SIGKDD international conference on Knowledge discovery and data mining},
  pages={807--816},
  year={2009},
  organization={ACM}
}


@article{yang2014rain,
  title={RAIN: Social Role-Aware Information Diffusion},
  author={Yang, Yang and Tang, Jie and Leung, Cane Wing-ki and Sun, Yizhou and Chen, Qicong and Li, Juanzi and Yang, Qiang},
  year={2014}
}



@inproceedings{kurashima2014probabilistic,
  title={Probabilistic latent network visualization: inferring and embedding diffusion networks},
  author={Kurashima, Takeshi and Iwata, Tomoharu and Takaya, Noriko and Sawada, Hiroshi},
  booktitle={Proceedings of the 20th ACM SIGKDD international conference on Knowledge discovery and data mining},
  pages={1236--1245},
  year={2014},
  organization={ACM}
}



@article{simma2012modeling,
  title={Modeling events with cascades of Poisson processes},
  author={Simma, Aleksandr and Jordan, Michael I},
  journal={arXiv preprint arXiv:1203.3516},
  year={2012}
}



@book{lee2013statistical,
  title={Statistical methods for survival data analysis},
  author={Lee, Elisa T and Wang, John Wenyu},
  year={2013},
  publisher={John Wiley \& Sons}
}


@inproceedings{weng2013role,
  title={The role of information diffusion in the evolution of social networks},
  author={Weng, Lilian and Ratkiewicz, Jacob and Perra, Nicola and Gon{\c{c}}alves, Bruno and Castillo, Carlos and Bonchi, Francesco and Schifanella, Rossano and Menczer, Filippo and Flammini, Alessandro},
  booktitle={Proceedings of the 19th ACM SIGKDD international conference on Knowledge discovery and data mining},
  pages={356--364},
  year={2013},
  organization={ACM}
}


@inproceedings{saito2010generative,
  title={Generative Models of Information Diffusion with Asynchronous Timedelay.},
  author={Saito, Kazumi and Kimura, Masahiro and Ohara, Kouzou and Motoda, Hiroshi},
  booktitle={ACML},
  pages={193--208},
  year={2010}
}


@inproceedings{gomez2013structure,
  title={Structure and dynamics of information pathways in online media},
  author={Gomez Rodriguez, Manuel and Leskovec, Jure and Sch{\"o}lkopf, Bernhard},
  booktitle={Proceedings of the sixth ACM international conference on Web search and data mining},
  pages={23--32},
  year={2013},
  organization={ACM}
}.


@article{rodriguez2011uncovering,
  title={Uncovering the temporal dynamics of diffusion networks},
  author={Rodriguez, Manuel Gomez and Balduzzi, David and Sch{\"o}lkopf, Bernhard},
  journal={arXiv preprint arXiv:1105.0697},
  year={2011}
}



@article{lou2013learning,
  title={Learning to predict reciprocity and triadic closure in social networks},
  author={Lou, Tiancheng and Tang, Jie and Hopcroft, John and Fang, Zhanpeng and Ding, Xiaowen},
  journal={ACM Transactions on Knowledge Discovery from Data (TKDD)},
  volume={7},
  number={2},
  pages={5},
  year={2013},
  publisher={ACM}
}

@article{merler2015spatiotemporal,
  title={Spatiotemporal spread of the 2014 outbreak of Ebola virus disease in Liberia and the effectiveness of non-pharmaceutical interventions: a computational modelling analysis},
  author={Merler, Stefano and Ajelli, Marco and Fumanelli, Laura and Gomes, Marcelo FC and y Piontti, Ana Pastore and Rossi, Luca and Chao, Dennis L and Longini, Ira M and Halloran, M Elizabeth and Vespignani, Alessandro},
  journal={The Lancet Infectious Diseases},
  year={2015},
  publisher={Elsevier}
}


@article{karemera2000gravity,
  title={A gravity model analysis of international migration to North America},
  author={Karemera, David and Oguledo, Victor Iwuagwu and Davis, Bobby},
  journal={Applied Economics},
  volume={32},
  number={13},
  pages={1745--1755},
  year={2000},
  publisher={Taylor \& Francis}
}


@techreport{anderson2010gravity,
  title={The gravity model},
  author={Anderson, James E},
  year={2010},
  institution={National Bureau of Economic Research}
}


@article{chowell2014transmission,
  title={Transmission dynamics and control of Ebola virus disease (EVD): a review},
  author={Chowell, Gerardo and Nishiura, Hiroshi},
  journal={BMC medicine},
  volume={12},
  number={1},
  pages={196},
  year={2014},
  publisher={BioMed Central Ltd}
}


@article{team2014ebola,
  title={Ebola virus disease in West Africaâ€”the first 9 months of the epidemic and forward projections},
  author={Team, WHO Ebola Response},
  journal={N Engl J Med},
  volume={371},
  number={16},
  pages={1481--95},
  year={2014},
  publisher={Mass Medical Soc}
}


@article{ivorra2014codis,
  title={Be-CoDiS: An epidemiological model to predict the risk of human diseases spread between countries. Validation and application to the 2014 Ebola Virus Disease epidemic},
  author={Ivorra, Benjamin and Ngom, Di{\`e}ne and Ramos, {\'A}ngel Manuel},
  journal={arXiv preprint arXiv:1410.6153},
  year={2014}
}


@article{lekone2006statistical,
  title={Statistical inference in a stochastic epidemic SEIR model with control intervention: Ebola as a case study},
  author={Lekone, Phenyo E and Finkenst{\"a}dt, B{\"a}rbel F},
  journal={Biometrics},
  volume={62},
  number={4},
  pages={1170--1177},
  year={2006},
  publisher={Wiley Online Library}
}


@article{anderson1992infectious,
  title={Infectious diseases of humans: dynamics and control},
  author={Anderson, Roy M and May, RM and Anderson, B},
  journal={Australian Journal of Public Health},
  volume={16},
  pages={208--212},
  year={1992},
  publisher={Wiley Online Library}
}

@article{basharpredicting,
  title={Predicting the 2014 Ebola Outbreak in West Africa using Network Analysis},
  author={Bashar, Shafi and Percy, Mike and Singhai, Romit}
}

@misc{ebolanew,
  title = {Sierra Leone: A slow start to an outbreak that eventually outpaced all others},
  howpublished = {\url{http://www.who.int/csr/disease/ebola/one-year-report/sierra-leone/en/}},
  note = {Published: 2015-01}
}

@article{lewnard2014dynamics,
  title={Dynamics and control of Ebola virus transmission in Montserrado, Liberia: a mathematical modelling analysis},
  author={Lewnard, Joseph A and Mbah, Martial L Ndeffo and Alfaro-Murillo, Jorge A and Altice, Frederick L and Bawo, Luke and Nyenswah, Tolbert G and Galvani, Alison P},
  journal={The Lancet Infectious Diseases},
  volume={14},
  number={12},
  pages={1189--1195},
  year={2014},
  publisher={Elsevier}
}

@article{althaus2014estimating,
  title={Estimating the reproduction number of Zaire ebolavirus (EBOV) during the 2014 outbreak in West Africa},
  author={Althaus, Christian L},
  journal={arXiv preprint arXiv:1408.3505},
  year={2014}
}